2448 3264
1250 155 1833 303 Paris 20 9bre. 1864
1458 300 2103 447 rue St. dominique 17
783 836 1527 1027 Mon cher Collègue,
605 1108 2174 1283 Le conseil de la Socté d'Ec. Sociale reuni dimanche
546 1231 2094 1417 dernier a decidé que vous auriez cette année la
533 1354 2177 1556 Présidence, et que vous seriez chargé d’inaugurer par
552 1489 2219 1694 votre discours d’ouverture, qui serait aussi rapproché que
531 1632 2031 1822 possible, un Bulletin mensuel de nos Séances.
678 1800 2136 1984 Je desirerais vivement avoir le plaisir de vous
492 1932 2207 2128 voir à votre premier voyage à Paris pour vous offrir mon
491 2070 2267 2264 concours et celui de M. Alexis Chevalier que nous nous sommes
486 2208 2250 2402 attachés pour la Publication nouvelle et je vous Serais fort
473 2364 2259 2564 obligé de me fournir l’occasion d’aller vous trouver aussitôt
444 2542 882 2662 que possible.
690 2728 2361 2897 Agreez, Mon cher Collègue, l’assurance de mon Soutien
417 2862 1071 2993 affectueux et dévoué.
1756 2968 2337 3286 F. Le Play
