1242 2094
371 386 953 464 Monsieur et cher collègue,
260 576 1186 653 Je me Suis empressé de proposer à S.A.J. sur le
247 654 1193 726 changement que vous recommandez en faveur de
249 735 1179 806 M. Leroux : j’ai l’espoir qu’il sera adopté et
243 824 1195 893 M. Leroux verra prochainement l’effet de vos
251 902 760 968 bonnes disposition pour lui.
327 1009 1214 1091 Veuillez agréer, Monsieur et cher collègue, leur
251 1096 1085 1165 sentiments affectueux et devoués
845 1202 1308 1351 F. Le Play
247 1537 796 1644 Paris le 5 Mai 1856
255 1654 740 1738 rue St. dominique 17.
