918 1232
159 68 616 112 depuis longtemps accomplie.
237 133 807 187 Quant aux maux résultant de l’orga-
165 191 808 247 nisation factice de la Commune rurale, il faut
171 245 806 298 considérer que la restauration de l’autonomie
169 300 811 358 demandée par les libéraux du jour, ne sera pas
171 359 805 415 sans une certaine utilité dans les communes
173 413 822 473 à habitations disséminées puis grandes et moyens
174 468 822 528 domaines. Si le propriétaire residant doit être
184 526 826 583 ailleurs opprimé par le maire-cabaretier, il sera
173 587 822 640 par compensation soustrait, en quelques cas, à
177 643 532 695 l’oppression du Préfet.
252 710 829 764 Vous ferez donc bien, dans vos propagandes
164 768 838 822 de ne pas absolument condamner les mécanismes
171 821 849 877 si cher aux libéraux, la nomination du Maire
174 881 845 928 par le conseil municipal. Vous leur ferez com-
172 938 801 977 prendre plus tard que la liberté consiste à
173 987 823 1030 n’avoir point l’obligation d’obéir à un maire
177 1040 458 1078 inutile et dangereux.
247 1093 850 1139 J’ai terminé enfin la Réforme du travail;
