1333 2196
614 235 1065 313 Paris, le 18 juin 1868
720 316 1075 440 rue St Dominique 17
379 554 705 638 Mon cher Père,
307 724 1085 795 Un interminable travail sur les décorations
286 810 1076 879 a beaucoup ajouté à ma connaissance du
286 887 1125 953 cœur humain, mais m’a empêché d’aller vous
300 967 1131 1025 voir comme j’en avais formé le projet. Me voici
300 1045 1142 1106 maintenant dans les embarras du départ ; et
295 1127 1158 1187 je vous prie de m’excuser si je pars, sans vous avoir
305 1200 403 1258 revu.
434 1274 1145 1336 Je voulais surtout me concerter avec vous
311 1355 1149 1417 sur le moyen de passer une semaine ensemble au
318 1433 1164 1490 commencement de l’automne pour lire en commun
320 1511 756 1565 un des deux premiers livres :
571 1564 957 1641 La recherche du vrai
572 1636 825 1716 La Religion .
371 1740 1176 1805 Ayez la bonté de me donner des nouvelles de vos
314 1818 1199 1889 travaux, et surtout de me dire dans le courant d’août
319 1904 1206 1968 si vous pourriez venir dans le Morvan, vers la seconde
329 1983 748 2050 semaine de septembre.
