2707 2188
348 391 1239 452 Je vous serai obligé de me convoquer dès que
323 474 1209 526 vous serez en mesure de me faire une première
330 542 1242 600 série de critique. La saison ne nous permet plus
335 609 1276 672 les promenades sous les ombrages. J’irai au jour et
317 682 1233 753 à l’heure que vous m’indiquerez vous trouver. Le
333 758 1241 824 mieux serait que vous vinssiez, vers 3 ou 4 heures,
321 831 1203 892 pour l’après-midi et une partie de la soirée avec
332 900 1250 961 nous. Nous aurions plus de temps à nous, et il
344 968 1284 1036 n’y aurait pas plus de temps perdu pour vous puisqu’il
357 1036 1008 1106 faut toujours perdre le tems du dîner.
419 1120 1286 1187 J’aurais été moi-même vous porter mon manuscrit
359 1193 1257 1264 si je ne partais demain matin pour Reims, où je
368 1265 1311 1347 vais conférer avec un ami de campagne qui a adopté
368 1334 1280 1405 mon livre avec une sorte de passion, mais qui voudrait
377 1400 1292 1478 le voir améliorer dans le sens des doctrines ultramon-
378 1471 1289 1546 taines qu’il professe avec ardeur. Je dois cette visite
378 1548 1293 1621 au dévouement extraordinaire de cet excellent clerc.
378 1628 1274 1697 Je serai revenu mercredi matin et tenterai de vous
377 1696 1277 1769 voir aussitôt si vous voulez bien me faire savoir par
389 1775 1295 1843 un mot, les moments où j’ai le plus de chance de
389 1844 639 1901 vous rencontrer.
465 1908 1245 1975 J’ai grand désir de connaître l’Etat de vos
390 1974 1329 2043 travaux pour l’avent, et votre opinion sur l’Angleterre.
1617 399 2479 472 J’espère que M. l’abbé Sue est revenu bien
1614 498 2093 543 reposé de sa maison souche.
1661 547 2481 631 Agréez, chez Père et ami, l’assurance de mes
1605 628 2266 697 sentiments affectueux et dévoués.
1879 693 2356 1057 F. Le Play
